<?xml version="1.0" encoding="UTF-8"?><record xmlns="http://www.loc.gov/MARC21/slim" xmlns:cinclude="http://apache.org/cocoon/include/1.0" xmlns:zs="http://www.loc.gov/zing/srw/">
  <leader>00537nz  a2200157n  4500</leader>
  <controlfield tag="001">n  84115901 </controlfield>
  <controlfield tag="003">DLC</controlfield>
  <controlfield tag="005">19841119000000.0</controlfield>
  <controlfield tag="008">840928n| acannaab|          |a aaa |||  </controlfield>
  <datafield tag="010" ind1=" " ind2=" ">
    <subfield code="a">n  84115901 </subfield>
  </datafield>
  <datafield tag="040" ind1=" " ind2=" ">
    <subfield code="a">DLC</subfield>
    <subfield code="c">DLC</subfield>
  </datafield>
  <datafield tag="100" ind1="1" ind2="0">
    <subfield code="a">Pich, José María,</subfield>
    <subfield code="d">1931-</subfield>
  </datafield>
  <datafield tag="400" ind1="1" ind2="0">
    <subfield code="a">Pich, Josep Maria,</subfield>
    <subfield code="d">1931-</subfield>
  </datafield>
  <datafield tag="400" ind1="1" ind2="0">
    <subfield code="a">Pich, J. M.</subfield>
    <subfield code="q">(Josep Maria),</subfield>
    <subfield code="d">1931-</subfield>
  </datafield>
  <datafield tag="670" ind1=" " ind2=" ">
    <subfield code="a">His El Crist de la terra, 1983?:</subfield>
    <subfield code="b">t.p. (Josep Maria Pich) spine (J.M. Pich)</subfield>
  </datafield>
  <datafield tag="670" ind1=" " ind2=" ">
    <subfield code="a">LC data base, 9-24-84</subfield>
    <subfield code="b">(hdg.: Pich, José María, 1931- ; usage: José María Pich)</subfield>
  </datafield>
</record>